@book{
	LinuxKernelDevelopment,
	author = {{Robert Love}},
	title = {Linux Kernel Development},
	publisher = {Pearson Education, Inc.},
	year = {2010},
	keywords  = {Linux Kernel Development},
	edition = {Third Edition}
}

@book{
	WindowsInternals,
	author = {{Yosifovich P., Ionescu A., Russinovich M.E., Russinovich D.A.}},
	title = {Windows Internals, Part 1: System architecture, processes, threads, memory management, and more},
	publisher = {Microsoft Press},
	year = {2017},
	keywords  = {Windows Internals Part 1},
	address = {Redmond, Washington},
	edition = {Seventh Edition}
}

@inproceedings{
	KernelBasedMonitoringOnWindows,
	author = {{Rienhardt F.}},
	title = {Kernel-based monitoring on Windows (32/64 bit)},
	year    = {2015},
	month   = {12},
	url = {https://bitnuts.de/KernelBasedMonitoring.pdf}
}

@inproceedings{
	PreventingRansomewareAttacks,
	title={Preventing Ransomware Attacks  Through File System Filter Drivers},
	author={{Bottazzi G., Italiano G.F., Spera D.}},
	year = {2018},
	month = {02},
	location={Milan, Italy},
	url = {http://ceur-ws.org/Vol-2058/paper-08.pdf}
}

@misc{ MDSNDACsLACEs,
	howpublished = {\url{https://docs.microsoft.com/en-us/windows/desktop/secauthz/dacls-and-aces}},
	author = {{Microsoft}},
	title = {DACLs and ACEs},
	year = {2018}
}

@misc{ MSDNWhatIsADriver,
	howpublished = {\url{https://docs.microsoft.com/en-us/windows-hardware/drivers/gettingstarted/what-is-a-driver-}},
	author = {{Microsoft}},
	title = {What is a Driver?},
	year = {2017},
	month = {04}
}

@misc{ MSDNIORequests,
	howpublished = {\url{https://docs.microsoft.com/en-us/windows-hardware/drivers/gettingstarted/i-o-request-packets}},
	author = {{Microsoft}},
	title = {I/O Request Packets},
	year = {2017},
	month = {04}
}

@misc{ MSDNFltMgrConcepts,
	howpublished = {\url{https://docs.microsoft.com/en-us/windows-hardware/drivers/ifs/file-system-minifilter-drivers}},
	author = {{Microsoft}},
	title = {File System Minifilter Drivers},
	year = {2017}
}

@misc{ MSDNIOStackLocations,
	howpublished = {\url{https://docs.microsoft.com/en-us/windows-hardware/drivers/kernel/i-o-stack-locations?fbclid=IwAR30-_rZppRnPIp8wAkwBaD-KtFeiMqv1BluSfGMfEPOsO-RcxHLiAmRch4}},
	author = {{Microsoft}},
	title = {I/O stack locations},
	year = {2017},
	month = {06}
}

@misc{ MSDNFunctionDrivers,
	howpublished = {\url{https://docs.microsoft.com/en-us/windows-hardware/drivers/kernel/function-drivers}},
	author = {{Microsoft}},
	title = {Function Drivers},
	year = {2017},
	month = {06}
}


@misc{ MSDNWDMDrivers,
	howpublished = {\url{https://docs.microsoft.com/en-us/windows-hardware/drivers/kernel/types-of-wdm-drivers}},
	author = {{Microsoft}},
	title = {Types of WDM Drivers},
	year = {2017},
	month = {06}
}

@misc{ WindowsDriverTutorial,
	howpublished = {\url{http://www.windowsbugcheck.com/p/since-understandingof-device-objects.html}},
	title = {Device Object and Driver Stack},
	year = {2019},
	month = {06}
}

@misc{ MSDNNamespaces,
	howpublished = {\url{https://docs.microsoft.com/en-us/windows/desktop/fileio/naming-a-file\#short-vs-long-names}},
	title = {Naming Files, Paths and Namespaces},
	year = {2018},
	month = {05}
}

@misc{ MSDNCommunication,
	howpublished = {\url{https://docs.microsoft.com/en-us/windows-hardware/drivers/ifs/communication-between-user-mode-and-kernel-mode}},
	title = {Communication Between User Mode and Kernel Mode},
	year = {2017},
	month = {04}
}

@misc{ RedirFS,
	howpublished = {\url{https://github.com/fhrbata/redirfs}},
	title = {RedirFS}
}

@misc{ KernelArchivesVFS,
	howpublished = {\url{https://www.kernel.org/doc/Documentation/filesystems/vfs.txt}},
	title = {Overview of the Linux Virtual File System},
	author = {Richard Gooch}
}